/home/soffiafdz/Documents/BibTex/Thesis.bib